@BachelorThesis{bachelor:historie,
author = "Sirůček, Michal",
title = "Pravidla české digitální typografie",
school = "VŠE",
year = "2006",
address = "Praha",
}

@Article{cstug:spojovnik,
author = "Kosek, Jiří",
title = "Drobná typografická poznámka ke spojovníku",
journal = "Zpravodaj Československého sdružení uživatelů TeXu",
year = "1995",
}

@MasterThesis{master:historie,
author = "Bednár, Peter",
title = "Tvorba písma opentype volně dostupnými softwarovými prostředky",
school = "FEKT",
year = "2011",
address = "Brno",
}

@Book{helmut:guidetolatex,
author = "Kopka, Helmut a Daly, Patrick",
title = "Guide to LaTeX",
year = "2003",
edition = "4",
publisher = "Addison-Wesley",
address = "Boston",
isbn = "978-0321173850"
}

@Book{gratzer:practical,
author = "Gratzer, George",
title = "Practical LaTeX",
publisher = "Springer",
year = "2014",
address = "Cham",
isbn = "978-3-319-06425-3"
}

@Misc{kerslager:pravidla,
author = "Kerslager, Milan",
title = "Typografická pravidla",
howpublished = "online",
year = "2007",
revised = "Poslední změna 5. prosince 2016",
cited = "!2018-04-16",
url = "https://www.pslib.cz/milan.kerslager/Typografická\_pravidla",
}

@Misc{wiki:pravidla,
author = "Wikipedia",
title = "Typografické rady",
howpublished = "online",
revised = "Poslední změna 8. února 2018",
cited = "!2018-04-16",
url = "https://cs.wikipedia.org/wiki/Wikipedie:Typografické\_rady",
}

@Article{journal:advertising,
author = "Jennifer, Olivier Droulers a Patrick Legohérel",
title = "Typography in destination advertising: An exploratory study and research perspectives",
journal = "Tourism Management",
year = "2017",
cited = "!2018-04-16",
howpublished = "online",
volume = "63",
issn = "0261-5177",
}

@Misc{leaning:begin,
author = "Leaning, Brittany",
title = "Typography Tutorial for Beginners: Everything You Need to Learn Typography Basics",
howpublished = "online",
year = "2016",
month = "srpen",
day = "2",
revised = "Poslední změna 28. července 2017",
cited = "!2018-04-16",
url = "https://blog.hubspot.com/marketing/typography-terms-introduction",
}

@Article{journal:graphic,
author = "Baldwin, Mark",
title = "Typography \& Graphic Design",
journal = "Quarterly Journal of the Royal Meteorological Society",
year = "2010",
cited = "!2018-04-16",
howpublished = "online",
volume = "136",
issn = "0035-9009",
}
